@misc{mobilebankingwiki,
    author    = "Wikipedia",
    title     = "Mobile Banking",
    url       = "https://en.wikipedia.org/wiki/Mobile_banking"
}

@misc{agile,
    author    = "Linchpin",
    title     = "Agile Methodology",
    url       = "https://linchpinseo.com/the-agile-method/"
}
@misc{agilewaterfall,
    author    = "Marklogic",
    title     = "Waterfall to Agile",
    url       = "http://www.marklogic.com/blog/3-reasons-to-transition-from-waterfall-to-agile/"
}

@misc{scrum,
    author    = "Extreme Programming",
    title     = "Extreme Programming:
A gentle introduction",
    url       = "http://www.extremeprogramming.org/"
}